<?xml version="1.0" encoding="UTF-8"?><collection xmlns="http://www.loc.gov/MARC21/slim"><record><leader>00412nam--2200157-i-4500</leader><controlfield tag="001">000001271</controlfield><controlfield tag="002">20161230</controlfield><controlfield tag="005">20170111000045</controlfield><controlfield tag="008">060222s1000------------r-----000-0-eng-d</controlfield><datafield ind1=" " ind2=" " tag="100"><subfield code="a">Goldsmid, H. J</subfield></datafield><datafield ind1=" " ind2=" " tag="245"><subfield code="a">Heat conduction in bismuth telluride</subfield></datafield><datafield ind1=" " ind2=" " tag="260"><subfield code="a">London</subfield><subfield code="b">General Electric Co</subfield><subfield code="c">1958</subfield></datafield><datafield ind1=" " ind2=" " tag="300"><subfield code="a">9 p</subfield></datafield><datafield ind1=" " ind2=" " tag="490"><subfield code="a">Proc.Phys.Soc., LXXII, p.17, 1958</subfield></datafield><datafield ind1=" " ind2=" " tag="852"><subfield code="a">6196</subfield></datafield><datafield ind1=" " ind2=" " tag="CAT"><subfield code="a">SYS</subfield><subfield code="c">20170111</subfield><subfield code="h">000045</subfield></datafield></record></collection>